010037380412022093020220930202209300008665CIELO03I                    014                                                                                                                                                                                 
900000000000+0000000000000000000000000000+00000000000000000+00000000000000000+00000000000000000                                                                                                                                                           
010037380412022093020220930202209300008665CIELO04I                    014                                                                                                                                                                                 
900000000000+0000000000000000000000000000+00000000000000000+00000000000000000+00000000000000000                                                                                                                                                           
010166254102022093020220930202209300008665CIELO03I                    014                                                                                                                                                                                 
900000000000+0000000000000000000000000000+00000000000000000+00000000000000000+00000000000000000                                                                                                                                                           
010166254102022093020220930202209300008665CIELO04I                    014                                                                                                                                                                                 
900000000000+0000000000000000000000000000+00000000000000000+00000000000000000+00000000000000000                                                                                                                                                           
010182084182022093020220930202209300008665CIELO03I                    014                                                                                                                                                                                 
900000000000+0000000000000000000000000000+00000000000000000+00000000000000000+00000000000000000                                                                                                                                                           
010182084182022093020220930202209300008665CIELO04I                    014                                                                                                                                                                                 
900000000000+0000000000000000000000000000+00000000000000000+00000000000000000+00000000000000000                                                                                                                                                           
020126764852022093020220930202209300008665CIELO03I                    014                                                                                                                                                                                 
120126764850220929     01220929221010221010+0000000074000-0000000000740+0000000000000+00000000732600104019230002247567306000000005NN000000 220929  0000000000000 000000000+00000000000000032209290000002070000000010000000000001296764850822012676485NN00 
220126764850220929   376439******100720220929+00000000168000000   572690                    57268900000000000001500000000000000000000000000000000000000029676485                      16020922092900000020700000000001000 00000000000000000000000000000000
220126764850220929   376439******100720220929+00000000158000000   572688                    57268700000000000001500000000000000000000000000000000000000029676485                      16020922092900000020700000000002000 00000000000000000000000000000000
220126764850220929   376439******100720220929+00000000148000000   572686                    57268500000000000001500000000000000000000000000000000000000029676485                      16020922092900000020700000000003000 00000000000000000000000000000000
220126764850220929   376439******100720220929+00000000138000000   572684                    57268300000000000001500000000000000000000000000000000000000029676485                      16020922092900000020700000000004000 00000000000000000000000000000000
220126764850220929   376439******100720220929+00000000128000000   572682                    57268100000000000001500000000000000000000000000000000000000029676485                      16020922092900000020700000000005000 00000000000000000000000000000000
120126764853220929     01220929221010221010+0000000075000-0000000000750+0000000000000+00000000742500104019230002247567306000000005NN000000 220929  0000000000000 000000000+00000000000000032209290000002080000000010000000000001296764850822012676485NN00 
220126764853220929   376439******100720220929+00000000170000000   572700                    57269900000000000001500000000000000000000000000000000000000029676485                      16020922092900000020800000000001000 00000000000000000000000000000000
220126764853220929   376439******100720220929+00000000160000000   572698                    57269700000000000001500000000000000000000000000000000000000029676485                      16020922092900000020800000000002000 00000000000000000000000000000000
220126764853220929   376439******100720220929+00000000150000000   572696                    57269500000000000001500000000000000000000000000000000000000029676485                      16020922092900000020800000000003000 00000000000000000000000000000000
220126764853220929   376439******100720220929+00000000140000000   572694                    57269300000000000001500000000000000000000000000000000000000029676485                      16020922092900000020800000000004000 00000000000000000000000000000000
220126764853220929   376439******100720220929+00000000130000000   572692                    57269100000000000001500000000000000000000000000000000000000029676485                      16020922092900000020800000000005000 00000000000000000000000000000000
120126764850220929     01220929221010221010+0000000071000-0000000000710+0000000000000+00000000702900104010870000626565616400000005NN000000 220929  0000000000000 000000000+00000000000000402209290000002090000000010000000000001296764851642012676485NN00 
220126764850220929   606282******200020220929+00000000162000000   572660                    57265900000000000001600000000000000000000000000000000000000029676485                      16020922092900000020900000000001000 00000000000000000000000000000000
220126764850220929   606282******200020220929+00000000152000000   572658                    57265700000000000001600000000000000000000000000000000000000029676485                      16020922092900000020900000000002000 00000000000000000000000000000000
220126764850220929   606282******200020220929+00000000142000000   572656                    57265500000000000001600000000000000000000000000000000000000029676485                      16020922092900000020900000000003000 00000000000000000000000000000000
220126764850220929   606282******200020220929+00000000132000000   572654                    57265300000000000001600000000000000000000000000000000000000029676485                      16020922092900000020900000000004000 00000000000000000000000000000000
220126764850220929   606282******200020220929+00000000122000000   572652                    57265100000000000001600000000000000000000000000000000000000029676485                      16020922092900000020900000000005000 00000000000000000000000000000000
120126764853220929     01220929221010221010+0000000072000-0000000000720+0000000000000+00000000712800104010870000626565616400000005NN000000 220929  0000000000000 000000000+00000000000000402209290000002100000000010000000000001296764851642012676485NN00 
220126764853220929   606282******200020220929+00000000164000000   572670                    57266900000000000001600000000000000000000000000000000000000029676485                      16020922092900000021000000000001000 00000000000000000000000000000000
220126764853220929   606282******200020220929+00000000154000000   572668                    57266700000000000001600000000000000000000000000000000000000029676485                      16020922092900000021000000000002000 00000000000000000000000000000000
220126764853220929   606282******200020220929+00000000144000000   572666                    57266500000000000001600000000000000000000000000000000000000029676485                      16020922092900000021000000000003000 00000000000000000000000000000000
220126764853220929   606282******200020220929+00000000134000000   572664                    57266300000000000001600000000000000000000000000000000000000029676485                      16020922092900000021000000000004000 00000000000000000000000000000000
220126764853220929   606282******200020220929+00000000124000000   572662                    57266100000000000001600000000000000000000000000000000000000029676485                      16020922092900000021000000000005000 00000000000000000000000000000000
12012676485422092901/1001220929221010221010+0000000007300-0000000000140+0000000000000+00000000071600104010870000626565616400000005NN000000 220929  0000000000000 000000000+00000000000000402209290000002110000001019000000000001296764851652012676485NN00 
220126764854220929   606282******200020220929+00000000016600110   572680                    57267900000000000001600000000166000000000001660000000000000029676485                      16020922092900000021100000010001000 00000000000000000000000000000000
220126764854220929   606282******200020220929+00000000015600110   572678                    57267700000000000001600000000156000000000001560000000000000029676485                      16020922092900000021100000010011000 00000000000000000000000000000000
220126764854220929   606282******200020220929+00000000014600110   572676                    57267500000000000001600000000146000000000001460000000000000029676485                      16020922092900000021100000010021000 00000000000000000000000000000000
220126764854220929   606282******200020220929+00000000013600110   572674                    57267300000000000001600000000136000000000001360000000000000029676485                      16020922092900000021100000010031000 00000000000000000000000000000000
220126764854220929   606282******200020220929+00000000012600110   572672                    57267100000000000001600000000126000000000001260000000000000029676485                      16020922092900000021100000010041000 00000000000000000000000000000000
12012676485422092902/1001220929221108221108+0000000007300-0000000000140+0000000000000+00000000071600104010870000626565616400000005NN000000 220929  0000000000000 000000000+00000000000000402209290000002110000002019000000000001296764851652012676485NN00 
12012676485422092903/1001220929221208221208+0000000007300-0000000000140+0000000000000+00000000071600104010870000626565616400000005NN000000 220929  0000000000000 000000000+00000000000000402209290000002110000003019000000000001296764851652012676485NN00 
12012676485422092904/1001220929230109230109+0000000007300-0000000000140+0000000000000+00000000071600104010870000626565616400000005NN000000 220929  0000000000000 000000000+00000000000000402209290000002110000004019000000000001296764851652012676485NN00 
12012676485422092905/1001220929230206230206+0000000007300-0000000000140+0000000000000+00000000071600104010870000626565616400000005NN000000 220929  0000000000000 000000000+00000000000000402209290000002110000005019000000000001296764851652012676485NN00 
12012676485422092906/1001220929230308230308+0000000007300-0000000000140+0000000000000+00000000071600104010870000626565616400000005NN000000 220929  0000000000000 000000000+00000000000000402209290000002110000006019000000000001296764851652012676485NN00 
12012676485422092907/1001220929230410230410+0000000007300-0000000000140+0000000000000+00000000071600104010870000626565616400000005NN000000 220929  0000000000000 000000000+00000000000000402209290000002110000007019000000000001296764851652012676485NN00 
12012676485422092908/1001220929230508230508+0000000007300-0000000000140+0000000000000+00000000071600104010870000626565616400000005NN000000 220929  0000000000000 000000000+00000000000000402209290000002110000008019000000000001296764851652012676485NN00 
12012676485422092909/1001220929230606230606+0000000007300-0000000000140+0000000000000+00000000071600104010870000626565616400000005NN000000 220929  0000000000000 000000000+00000000000000402209290000002110000009019000000000001296764851652012676485NN00 
12012676485422092910/1001220929230706230706+0000000007300-0000000000140+0000000000000+00000000071600104010870000626565616400000005NN000000 220929  0000000000000 000000000+00000000000000402209290000002110000010019000000000001296764851652012676485NN00 
120126764855220929     01220929220930220930+0000000062000-0000000000005+0000000000000+00000000619950104010870000626565616400000005NN000000 220929  0000000000000 000000000+00000000000000012227211500000380000000000100000000001296764850412012676485NN00 
220126764855220929   409603******797220220929+00000000104000000   572632                    57263100000000000001600000000000000000000000000000000000000129676485                      16020922272115000003800000000001000 00227180000295496000000000000000
220126764855220929   409603******797220220929+00000000114000000   572634                    57263300000000000001600000000000000000000000000000000000000129676485                      16020922272115000003800000000002000 00227180000295497000000000000000
220126764855220929   409603******797220220929+00000000124000000   572636                    57263500000000000001600000000000000000000000000000000000000129676485                      16020922272115000003800000000003000 00227180000295498000000000000000
220126764855220929   409603******797220220929+00000000134000000   572638                    57263700000000000001600000000000000000000000000000000000000129676485                      16020922272115000003800000000004000 00227180000295499000000000000000
220126764855220929   409603******797220220929+00000000144000000   572640                    57263900000000000001600000000000000000000000000000000000000129676485                      16020922272115000003800000000005000 00227180000295500000000000000000
120126764850220929     01220929221010221010+0000000060000-0000000000600+0000000000000+00000000594000104010870000626565616400000005NN000000 220929  0000000000000 000000000+00000000000000012227212700000960000000010000000000001296764850402012676485NN00 
220126764850220929   409603******797220220929+00000000100000000   572612                    57261100000000000001600000000000000000000000000000000000000129676485                      16020922272127000009600000000001000 00227180000295486000000000000000
220126764850220929   409603******797220220929+00000000110000000   572614                    57261300000000000001600000000000000000000000000000000000000129676485                      16020922272127000009600000000002000 00227180000295487000000000000000
220126764850220929   409603******797220220929+00000000120000000   572616                    57261500000000000001600000000000000000000000000000000000000129676485                      16020922272127000009600000000003000 00227180000295488000000000000000
220126764850220929   409603******797220220929+00000000130000000   572618                    57261700000000000001600000000000000000000000000000000000000129676485                      16020922272127000009600000000004000 00227180000295489000000000000000
220126764850220929   409603******797220220929+00000000140000000   572620                    57261900000000000001600000000000000000000000000000000000000129676485                      16020922272127000009600000000005000 00227180000295490000000000000000
120126764853220929     01220929221010221010+0000000061000-0000000000610+0000000000000+00000000603900104010870000626565616400000005NN000000 220929  0000000000000 000000000+00000000000000012227212700000970000000010000000000001296764850402012676485NN00 
220126764853220929   409603******797220220929+00000000102000000   572622                    57262100000000000001600000000000000000000000000000000000000129676485                      16020922272127000009700000000001000 00227180000295491000000000000000
220126764853220929   409603******797220220929+00000000112000000   572624                    57262300000000000001600000000000000000000000000000000000000129676485                      16020922272127000009700000000002000 00227180000295492000000000000000
220126764853220929   409603******797220220929+00000000122000000   572626                    57262500000000000001600000000000000000000000000000000000000129676485                      16020922272127000009700000000003000 00227180000295493000000000000000
220126764853220929   409603******797220220929+00000000132000000   572628                    57262700000000000001600000000000000000000000000000000000000129676485                      16020922272127000009700000000004000 00227180000295494000000000000000
220126764853220929   409603******797220220929+00000000142000000   572630                    57262900000000000001600000000000000000000000000000000000000129676485                      16020922272127000009700000000005000 00227180000295495000000000000000
12012676485422092901/1001220929221010221010+0000000006300-0000000000120+0000000000000+00000000061800104010870000626565616400000005NN000000 220929  0000000000000 000000000+00000000000000012227212700000980000001019000000000001296764850432012676485NN00 
220126764854220929   409603******797220220929+00000000010600110   572642                    57264100000000000001600000000106000000000001060000000000000129676485                      16020922272127000009800000010001001 00227180000295501000000000000000
220126764854220929   409603******797220220929+00000000011600110   572644                    57264300000000000001600000000116000000000001160000000000000129676485                      16020922272127000009800000010002001 00227180000295502000000000000000
220126764854220929   409603******797220220929+00000000012600110   572646                    57264500000000000001600000000126000000000001260000000000000129676485                      16020922272127000009800000010003001 00227180000295503000000000000000
220126764854220929   409603******797220220929+00000000013600110   572648                    57264700000000000001600000000136000000000001360000000000000129676485                      16020922272127000009800000010004001 00227180000295504000000000000000
220126764854220929   409603******797220220929+00000000014600110   572650                    57264900000000000001600000000146000000000001460000000000000129676485                      16020922272127000009800000010005001 00227180000295505000000000000000
12012676485422092902/1001220929221108221108+0000000006300-0000000000120+0000000000000+00000000061800104010870000626565616400000005NN000000 220929  0000000000000 000000000+00000000000000012227212700000980200001019000000000001296764850432012676485NN00 
12012676485422092903/1001220929221209221209+0000000006300-0000000000120+0000000000000+00000000061800104010870000626565616400000005NN000000 220929  0000000000000 000000000+00000000000000012227212700000980200002019000000000001296764850432012676485NN00 
12012676485422092904/1001220929230109230109+0000000006300-0000000000120+0000000000000+00000000061800104010870000626565616400000005NN000000 220929  0000000000000 000000000+00000000000000012227212700000980200003019000000000001296764850432012676485NN00 
12012676485422092905/1001220929230208230208+0000000006300-0000000000120+0000000000000+00000000061800104010870000626565616400000005NN000000 220929  0000000000000 000000000+00000000000000012227212700000980200004019000000000001296764850432012676485NN00 
12012676485422092906/1001220929230310230310+0000000006300-0000000000120+0000000000000+00000000061800104010870000626565616400000005NN000000 220929  0000000000000 000000000+00000000000000012227212700000980200005019000000000001296764850432012676485NN00 
12012676485422092907/1001220929230410230410+0000000006300-0000000000120+0000000000000+00000000061800104010870000626565616400000005NN000000 220929  0000000000000 000000000+00000000000000012227212700000980200006019000000000001296764850432012676485NN00 
12012676485422092908/1001220929230509230509+0000000006300-0000000000120+0000000000000+00000000061800104010870000626565616400000005NN000000 220929  0000000000000 000000000+00000000000000012227212700000980200007019000000000001296764850432012676485NN00 
12012676485422092909/1001220929230609230609+0000000006300-0000000000120+0000000000000+00000000061800104010870000626565616400000005NN000000 220929  0000000000000 000000000+00000000000000012227212700000980200008019000000000001296764850432012676485NN00 
12012676485422092910/1001220929230710230710+0000000006300-0000000000120+0000000000000+00000000061800104010870000626565616400000005NN000000 220929  0000000000000 000000000+00000000000000012227212700000980200009019000000000001296764850432012676485NN00 
900000000072+0000000000060426500000000045+00000000000611000+00000000000000000+00000000000000000                                                                                                                                                           
020126764852022093020220930202209300008665CIELO04I                    014                                                                                                                                                                                 
12012676485422022208/1001220222220930220930+0000000007300-0000000000140+0000000000000+00000000071600104010870000626565616401000005NN000000 220222  0000000000000 000000000+00000000000000402202220000003010000008019000000000001296764851652012676485NN00 
220126764854220222   606282******200020220222+00000000016600810   014532                    01453100000000000001600000000000000000000000000000000000000029676485                      16020922022200000030100000080008000 00000000000000000000000000000000
220126764854220222   606282******200020220222+00000000015600810   014530                    01452900000000000001600000000000000000000000000000000000000029676485                      16020922022200000030100000080018000 00000000000000000000000000000000
220126764854220222   606282******200020220222+00000000014600810   014528                    01452700000000000001600000000000000000000000000000000000000029676485                      16020922022200000030100000080028000 00000000000000000000000000000000
220126764854220222   606282******200020220222+00000000013600810   014526                    01452500000000000001600000000000000000000000000000000000000029676485                      16020922022200000030100000080038000 00000000000000000000000000000000
220126764854220222   606282******200020220222+00000000012600810   014524                    01452300000000000001600000000000000000000000000000000000000029676485                      16020922022200000030100000080048000 00000000000000000000000000000000
12012676485422032407/1001220324220930220930+0000000007300-0000000000140+0000000000000+00000000071600104010870000626565616401000005NN000000 220324  0000000000000 000000000+00000000000000402203240000002710000007019000000000001296764851652012676485NN00 
220126764854220324   606282******200020220324+00000000016600710   014532                    01453100000000000001600000000000000000000000000000000000000029676485                      16020922032400000027100000070007000 00000000000000000000000000000000
220126764854220324   606282******200020220324+00000000015600710   014530                    01452900000000000001600000000000000000000000000000000000000029676485                      16020922032400000027100000070017000 00000000000000000000000000000000
220126764854220324   606282******200020220324+00000000014600710   014528                    01452700000000000001600000000000000000000000000000000000000029676485                      16020922032400000027100000070027000 00000000000000000000000000000000
220126764854220324   606282******200020220324+00000000013600710   014526                    01452500000000000001600000000000000000000000000000000000000029676485                      16020922032400000027100000070037000 00000000000000000000000000000000
220126764854220324   606282******200020220324+00000000012600710   014524                    01452300000000000001600000000000000000000000000000000000000029676485                      16020922032400000027100000070047000 00000000000000000000000000000000
120126764850220928     01220928220930220930+0000000074000-0000000000740+0000000000000+00000000732600104019230002247567306001000005NN000000 220928  0000000000000 000000000+00000000000000032209280000002050000000010000000000001296764850822012676485NN00 
220126764850220928   376439******100720220726+00000000168000000   555524                    55552300000000000001500000000000000000000000000000000000000029676485                      16020922092800000020500000000001000 00000000000000000000000000000000
220126764850220928   376439******100720220726+00000000158000000   555522                    55552100000000000001500000000000000000000000000000000000000029676485                      16020922092800000020500000000002000 00000000000000000000000000000000
220126764850220928   376439******100720220726+00000000148000000   555520                    55551900000000000001500000000000000000000000000000000000000029676485                      16020922092800000020500000000003000 00000000000000000000000000000000
220126764850220928   376439******100720220726+00000000138000000   555518                    55551700000000000001500000000000000000000000000000000000000029676485                      16020922092800000020500000000004000 00000000000000000000000000000000
220126764850220928   376439******100720220726+00000000128000000   555516                    55551500000000000001500000000000000000000000000000000000000029676485                      16020922092800000020500000000005000 00000000000000000000000000000000
120126764853220928     01220928220930220930+0000000075000-0000000000750+0000000000000+00000000742500104019230002247567306001000005NN000000 220928  0000000000000 000000000+00000000000000032209280000002060000000010000000000001296764850822012676485NN00 
220126764853220928   376439******100720220726+00000000170000000   555534                    55553300000000000001500000000000000000000000000000000000000029676485                      16020922092800000020600000000001000 00000000000000000000000000000000
220126764853220928   376439******100720220726+00000000160000000   555532                    55553100000000000001500000000000000000000000000000000000000029676485                      16020922092800000020600000000002000 00000000000000000000000000000000
220126764853220928   376439******100720220726+00000000150000000   555530                    55552900000000000001500000000000000000000000000000000000000029676485                      16020922092800000020600000000003000 00000000000000000000000000000000
220126764853220928   376439******100720220726+00000000140000000   555528                    55552700000000000001500000000000000000000000000000000000000029676485                      16020922092800000020600000000004000 00000000000000000000000000000000
220126764853220928   376439******100720220726+00000000130000000   555526                    55552500000000000001500000000000000000000000000000000000000029676485                      16020922092800000020600000000005000 00000000000000000000000000000000
120126764850220928     01220928220930220930+0000000071000-0000000000710+0000000000000+00000000702900104010870000626565616401000005NN000000 220928  0000000000000 000000000+00000000000000402209280000002070000000010000000000001296764851642012676485NN00 
220126764850220928   606282******200020220726+00000000162000000   555494                    55549300000000000001600000000000000000000000000000000000000029676485                      16020922092800000020700000000001000 00000000000000000000000000000000
220126764850220928   606282******200020220726+00000000152000000   555492                    55549100000000000001600000000000000000000000000000000000000029676485                      16020922092800000020700000000002000 00000000000000000000000000000000
220126764850220928   606282******200020220726+00000000142000000   555490                    55548900000000000001600000000000000000000000000000000000000029676485                      16020922092800000020700000000003000 00000000000000000000000000000000
220126764850220928   606282******200020220726+00000000132000000   555488                    55548700000000000001600000000000000000000000000000000000000029676485                      16020922092800000020700000000004000 00000000000000000000000000000000
220126764850220928   606282******200020220726+00000000122000000   555486                    55548500000000000001600000000000000000000000000000000000000029676485                      16020922092800000020700000000005000 00000000000000000000000000000000
120126764853220928     01220928220930220930+0000000072000-0000000000720+0000000000000+00000000712800104010870000626565616401000005NN000000 220928  0000000000000 000000000+00000000000000402209280000002080000000010000000000001296764851642012676485NN00 
220126764853220928   606282******200020220726+00000000164000000   555504                    55550300000000000001600000000000000000000000000000000000000029676485                      16020922092800000020800000000001000 00000000000000000000000000000000
220126764853220928   606282******200020220726+00000000154000000   555502                    55550100000000000001600000000000000000000000000000000000000029676485                      16020922092800000020800000000002000 00000000000000000000000000000000
220126764853220928   606282******200020220726+00000000144000000   555500                    55549900000000000001600000000000000000000000000000000000000029676485                      16020922092800000020800000000003000 00000000000000000000000000000000
220126764853220928   606282******200020220726+00000000134000000   555498                    55549700000000000001600000000000000000000000000000000000000029676485                      16020922092800000020800000000004000 00000000000000000000000000000000
220126764853220928   606282******200020220726+00000000124000000   555496                    55549500000000000001600000000000000000000000000000000000000029676485                      16020922092800000020800000000005000 00000000000000000000000000000000
12012676485422052005/1001220520220930220930+0000000006300-0000000000120+0000000000000+00000000061800104010870000626565616401000005NN000000 220520  0000000000000 000000000+00000000000000012214012700000850200004019000000000001296764850432012676485NN00 
220126764854220520   409603******797220220520+00000000010600510   061966                    06196500000000000001600000000000000000000000000000000000000129676485                      16020922140127000008502000040001004 00213980000040163000000000000000
220126764854220520   409603******797220220520+00000000011600510   061968                    06196700000000000001600000000000000000000000000000000000000129676485                      16020922140127000008502000040002004 00213980000040164000000000000000
220126764854220520   409603******797220220520+00000000012600510   061970                    06196900000000000001600000000000000000000000000000000000000129676485                      16020922140127000008502000040003004 00213980000040165000000000000000
220126764854220520   409603******797220220520+00000000013600510   061972                    06197100000000000001600000000000000000000000000000000000000129676485                      16020922140127000008502000040004004 00213980000040166000000000000000
220126764854220520   409603******797220220520+00000000014600510   061974                    06197300000000000001600000000000000000000000000000000000000129676485                      16020922140127000008502000040005004 00213980000040167000000000000000
12012676485422072003/1001220720220930220930+0000000006300-0000000000120+0000000000000+00000000061800104010870000626565616401000005NN000000 220720  0000000000000 000000000+00000000000000012220112200001190200002019000000000001296764850432012676485NN00 
220126764854220720   409603******797220220720+00000000010600310   511144                    51114300000000000001600000000000000000000000000000000000000129676485                      16020922201122000011902000020001002 00220080000264752000000000000000
220126764854220720   409603******797220220720+00000000011600310   511146                    51114500000000000001600000000000000000000000000000000000000129676485                      16020922201122000011902000020002002 00220080000264753000000000000000
220126764854220720   409603******797220220720+00000000012600310   511148                    51114700000000000001600000000000000000000000000000000000000129676485                      16020922201122000011902000020003002 00220080000264754000000000000000
220126764854220720   409603******797220220720+00000000013600310   511150                    51114900000000000001600000000000000000000000000000000000000129676485                      16020922201122000011902000020004002 00220080000264755000000000000000
220126764854220720   409603******797220220720+00000000014600310   511152                    51115100000000000001600000000000000000000000000000000000000129676485                      16020922201122000011902000020005002 00220080000264756000000000000000
120126764850220726     01220928220930220930+0000000060000-0000000000600+0000000000000+00000000594000104010870000626565616401000005NN000000 220928  0000000000000 000000000+00000000000000012227112200000870000000010000000000001296764850402012676485NN00 
220126764850220726   409603******797220220726+00000000100000000   555446                    55544500000000000001600000000000000000000000000000000000000129676485                      16020922271122000008700000000001000 00220680000286903000000000000000
220126764850220726   409603******797220220726+00000000110000000   555448                    55544700000000000001600000000000000000000000000000000000000129676485                      16020922271122000008700000000002000 00220680000286904000000000000000
220126764850220726   409603******797220220726+00000000120000000   555450                    55544900000000000001600000000000000000000000000000000000000129676485                      16020922271122000008700000000003000 00220680000286905000000000000000
220126764850220726   409603******797220220726+00000000130000000   555452                    55545100000000000001600000000000000000000000000000000000000129676485                      16020922271122000008700000000004000 00220680000286906000000000000000
220126764850220726   409603******797220220726+00000000140000000   555454                    55545300000000000001600000000000000000000000000000000000000129676485                      16020922271122000008700000000005000 00220680000286907000000000000000
120126764853220726     01220928220930220930+0000000061000-0000000000610+0000000000000+00000000603900104010870000626565616401000005NN000000 220928  0000000000000 000000000+00000000000000012227112200000880000000010000000000001296764850402012676485NN00 
220126764853220726   409603******797220220726+00000000102000000   555456                    55545500000000000001600000000000000000000000000000000000000129676485                      16020922271122000008800000000001000 00220680000286908000000000000000
220126764853220726   409603******797220220726+00000000112000000   555458                    55545700000000000001600000000000000000000000000000000000000129676485                      16020922271122000008800000000002000 00220680000286909000000000000000
220126764853220726   409603******797220220726+00000000122000000   555460                    55545900000000000001600000000000000000000000000000000000000129676485                      16020922271122000008800000000003000 00220680000286910000000000000000
220126764853220726   409603******797220220726+00000000132000000   555462                    55546100000000000001600000000000000000000000000000000000000129676485                      16020922271122000008800000000004000 00220680000286911000000000000000
220126764853220726   409603******797220220726+00000000142000000   555464                    55546300000000000001600000000000000000000000000000000000000129676485                      16020922271122000008800000000005000 00220680000286912000000000000000
120126764855220929     01220929220930220930+0000000062000-0000000000005+0000000000000+00000000619950104010870000626565616401000005NN000000 220929  0000000000000 000000000+00000000000000012227211500000380000000000100000000001296764850412012676485NN00 
220126764855220929   409603******797220220929+00000000104000000   572632                    57263100000000000001600000000000000000000000000000000000000129676485                      16020922272115000003800000000001000 00227180000295496000000000000000
220126764855220929   409603******797220220929+00000000114000000   572634                    57263300000000000001600000000000000000000000000000000000000129676485                      16020922272115000003800000000002000 00227180000295497000000000000000
220126764855220929   409603******797220220929+00000000124000000   572636                    57263500000000000001600000000000000000000000000000000000000129676485                      16020922272115000003800000000003000 00227180000295498000000000000000
220126764855220929   409603******797220220929+00000000134000000   572638                    57263700000000000001600000000000000000000000000000000000000129676485                      16020922272115000003800000000004000 00227180000295499000000000000000
220126764855220929   409603******797220220929+00000000144000000   572640                    57263900000000000001600000000000000000000000000000000000000129676485                      16020922272115000003800000000005000 00227180000295500000000000000000
32012676485010000007572375624133193737200017231937372000172319373720001722022093020220930CE001002-0000000000000618098601040108700006265656164                                                                                                             
32012676485020220519000025233653193737200017231937372000172319373720001722022051920220930CE040002-0000000000001432098601040108700006265656164                                                                                                             
900000000068+0000000000049754500000000055+00000000000502200+00000000000000000-00000000000020500                                                                                                                                                           
027590129932022093020220930202209300008665CIELO03I                    014                                                                                                                                                                                 
900000000000+0000000000000000000000000000+00000000000000000+00000000000000000+00000000000000000                                                                                                                                                           
027590129932022093020220930202209300008665CIELO04I                    014                                                                                                                                                                                 
900000000000+0000000000000000000000000000+00000000000000000+00000000000000000+00000000000000000                                                                                                                                                           
020127323262022093020220930202209300008665CIELO03I                    014                                                                                                                                                                                 
900000000000+0000000000000000000000000000+00000000000000000+00000000000000000+00000000000000000                                                                                                                                                           
020127323262022093020220930202209300008665CIELO04I                    014                                                                                                                                                                                 
900000000000+0000000000000000000000000000+00000000000000000+00000000000000000+00000000000000000                                                                                                                                                           
010093310752022093020220930202209300008665CIELO03I                    014                                                                                                                                                                                 
900000000000+0000000000000000000000000000+00000000000000000+00000000000000000+00000000000000000                                                                                                                                                           
010093310752022093020220930202209300008665CIELO04I                    014                                                                                                                                                                                 
900000000000+0000000000000000000000000000+00000000000000000+00000000000000000+00000000000000000                                                                                                                                                           
020127322612022093020220930202209300008665CIELO03I                    014                                                                                                                                                                                 
900000000000+0000000000000000000000000000+00000000000000000+00000000000000000+00000000000000000                                                                                                                                                           
020127322612022093020220930202209300008665CIELO04I                    014                                                                                                                                                                                 
900000000000+0000000000000000000000000000+00000000000000000+00000000000000000+00000000000000000                                                                                                                                                           
010268893992022093020220930202209300008665CIELO05I                    014                                                                                                                                                                                 
900000000000+0000000000000000000000000000+00000000000000000+00000000000000000+00000000000000000                                                                                                                                                           
010028074492022093020220930202209300008665CIELO04I                    014                                                                                                                                                                                 
900000000000+0000000000000000000000000000+00000000000000000+00000000000000000+00000000000000000                                                                                                                                                           
010070246392022093020220930202209300008665CIELO03I                    014                                                                                                                                                                                 
900000000000+0000000000000000000000000000+00000000000000000+00000000000000000+00000000000000000                                                                                                                                                           
010070246392022093020220930202209300008665CIELO04I                    014                                                                                                                                                                                 
900000000000+0000000000000000000000000000+00000000000000000+00000000000000000+00000000000000000                                                                                                                                                           
000001267212022093020220930202209300008665CIELO03I                    014                                                                                                                                                                                 
900000000000+0000000000000000000000000000+00000000000000000+00000000000000000+00000000000000000                                                                                                                                                           
000001267212022093020220930202209300008665CIELO04I                    014                                                                                                                                                                                 
900000000000+0000000000000000000000000000+00000000000000000+00000000000000000+00000000000000000                                                                                                                                                           
010051875652022093020220930202209300008665CIELO04I                    014                                                                                                                                                                                 
900000000000+0000000000000000000000000000+00000000000000000+00000000000000000+00000000000000000                                                                                                                                                           
010085475622022093020220930202209300008665CIELO03I                    014                                                                                                                                                                                 
900000000000+0000000000000000000000000000+00000000000000000+00000000000000000+00000000000000000                                                                                                                                                           
010085475622022093020220930202209300008665CIELO04I                    014                                                                                                                                                                                 
900000000000+0000000000000000000000000000+00000000000000000+00000000000000000+00000000000000000                                                                                                                                                           
010305105602022093020220930202209300008665CIELO04I                    014                                                                                                                                                                                 
900000000000+0000000000000000000000000000+00000000000000000+00000000000000000+00000000000000000                                                                                                                                                           
010061418522022093020220930202209300008665CIELO04I                    014                                                                                                                                                                                 
900000000000+0000000000000000000000000000+00000000000000000+00000000000000000+00000000000000000                                                                                                                                                           
000701746282022093020220930202209300008665CIELO03I                    014                                                                                                                                                                                 
900000000000+0000000000000000000000000000+00000000000000000+00000000000000000+00000000000000000                                                                                                                                                           
000701746282022093020220930202209300008665CIELO04I                    014                                                                                                                                                                                 
900000000000+0000000000000000000000000000+00000000000000000+00000000000000000+00000000000000000                                                                                                                                                           
000024366472022093020220930202209300008665CIELO03I                    014                                                                                                                                                                                 
900000000000+0000000000000000000000000000+00000000000000000+00000000000000000+00000000000000000                                                                                                                                                           
000024366472022093020220930202209300008665CIELO04I                    014                                                                                                                                                                                 
900000000000+0000000000000000000000000000+00000000000000000+00000000000000000+00000000000000000                                                                                                                                                           
010081867802022093020220930202209300008665CIELO03I                    014                                                                                                                                                                                 
900000000000+0000000000000000000000000000+00000000000000000+00000000000000000+00000000000000000                                                                                                                                                           
010081867802022093020220930202209300008665CIELO04I                    014                                                                                                                                                                                 
900000000000+0000000000000000000000000000+00000000000000000+00000000000000000+00000000000000000                                                                                                                                                           
010237123312022093020220930202209300008665CIELO03I                    014                                                                                                                                                                                 
900000000000+0000000000000000000000000000+00000000000000000+00000000000000000+00000000000000000                                                                                                                                                           
010237123312022093020220930202209300008665CIELO04I                    014                                                                                                                                                                                 
900000000000+0000000000000000000000000000+00000000000000000+00000000000000000+00000000000000000                                                                                                                                                           
010012776402022093020220930202209300008665CIELO03I                    014                                                                                                                                                                                 
900000000000+0000000000000000000000000000+00000000000000000+00000000000000000+00000000000000000                                                                                                                                                           
010012776402022093020220930202209300008665CIELO04I                    014                                                                                                                                                                                 
900000000000+0000000000000000000000000000+00000000000000000+00000000000000000+00000000000000000                                                                                                                                                           
045641345672022093020220930202209300008665CIELO03I                    014                                                                                                                                                                                 
900000000000+0000000000000000000000000000+00000000000000000+00000000000000000+00000000000000000                                                                                                                                                           
045641345672022093020220930202209300008665CIELO04I                    014                                                                                                                                                                                 
900000000000+0000000000000000000000000000+00000000000000000+00000000000000000+00000000000000000                                                                                                                                                           
010119240022022093020220930202209300008665CIELO03I                    014                                                                                                                                                                                 
900000000000+0000000000000000000000000000+00000000000000000+00000000000000000+00000000000000000                                                                                                                                                           
010119240022022093020220930202209300008665CIELO05I                    014                                                                                                                                                                                 
900000000000+0000000000000000000000000000+00000000000000000+00000000000000000+00000000000000000                                                                                                                                                           
045642386802022093020220930202209300008665CIELO04I                    014                                                                                                                                                                                 
900000000000+0000000000000000000000000000+00000000000000000+00000000000000000+00000000000000000                                                                                                                                                           
010004445602022093020220930202209300008665CIELO03I                    014                                                                                                                                                                                 
900000000000+0000000000000000000000000000+00000000000000000+00000000000000000+00000000000000000                                                                                                                                                           
010004445602022093020220930202209300008665CIELO04I                    014                                                                                                                                                                                 
900000000000+0000000000000000000000000000+00000000000000000+00000000000000000+00000000000000000                                                                                                                                                           
010135449912022093020220930202209300008665CIELO03I                    014                                                                                                                                                                                 
900000000000+0000000000000000000000000000+00000000000000000+00000000000000000+00000000000000000                                                                                                                                                           
010135449912022093020220930202209300008665CIELO05I                    014                                                                                                                                                                                 
900000000000+0000000000000000000000000000+00000000000000000+00000000000000000+00000000000000000                                                                                                                                                           
010037369012022093020220930202209300008665CIELO03I                    014                                                                                                                                                                                 
900000000000+0000000000000000000000000000+00000000000000000+00000000000000000+00000000000000000                                                                                                                                                           
010037369012022093020220930202209300008665CIELO04I                    014                                                                                                                                                                                 
900000000000+0000000000000000000000000000+00000000000000000+00000000000000000+00000000000000000                                                                                                                                                           
010012522492022093020220930202209300008665CIELO03I                    014                                                                                                                                                                                 
900000000000+0000000000000000000000000000+00000000000000000+00000000000000000+00000000000000000                                                                                                                                                           
010012522492022093020220930202209300008665CIELO04I                    014                                                                                                                                                                                 
900000000000+0000000000000000000000000000+00000000000000000+00000000000000000+00000000000000000                                                                                                                                                           
000701086092022093020220930202209300008665CIELO03I                    014                                                                                                                                                                                 
900000000000+0000000000000000000000000000+00000000000000000+00000000000000000+00000000000000000                                                                                                                                                           
000701086092022093020220930202209300008665CIELO04I                    014                                                                                                                                                                                 
900000000000+0000000000000000000000000000+00000000000000000+00000000000000000+00000000000000000                                                                                                                                                           
010004242672022093020220930202209300008665CIELO05I                    014                                                                                                                                                                                 
900000000000+0000000000000000000000000000+00000000000000000+00000000000000000+00000000000000000                                                                                                                                                           
010032366742022093020220930202209300008665CIELO03I                    014                                                                                                                                                                                 
900000000000+0000000000000000000000000000+00000000000000000+00000000000000000+00000000000000000                                                                                                                                                           
010032366742022093020220930202209300008665CIELO04I                    014                                                                                                                                                                                 
900000000000+0000000000000000000000000000+00000000000000000+00000000000000000+00000000000000000                                                                                                                                                           
020142156122022093020220930202209300008665CIELO03I                    014                                                                                                                                                                                 
900000000000+0000000000000000000000000000+00000000000000000+00000000000000000+00000000000000000                                                                                                                                                           
020142156122022093020220930202209300008665CIELO04I                    014                                                                                                                                                                                 
900000000000+0000000000000000000000000000+00000000000000000+00000000000000000+00000000000000000                                                                                                                                                           
010038881162022093020220930202209300008665CIELO03I                    014                                                                                                                                                                                 
900000000000+0000000000000000000000000000+00000000000000000+00000000000000000+00000000000000000                                                                                                                                                           
010038881162022093020220930202209300008665CIELO04I                    014                                                                                                                                                                                 
900000000000+0000000000000000000000000000+00000000000000000+00000000000000000+00000000000000000                                                                                                                                                           
027590138922022093020220930202209300008665CIELO03I                    014                                                                                                                                                                                 
900000000000+0000000000000000000000000000+00000000000000000+00000000000000000+00000000000000000                                                                                                                                                           
027590138922022093020220930202209300008665CIELO04I                    014                                                                                                                                                                                 
900000000000+0000000000000000000000000000+00000000000000000+00000000000000000+00000000000000000                                                                                                                                                           
045607320492022093020220930202209300008665CIELO05I                    014                                                                                                                                                                                 
900000000000+0000000000000000000000000000+00000000000000000+00000000000000000+00000000000000000                                                                                                                                                           
010044817882022093020220930202209300008665CIELO03I                    014                                                                                                                                                                                 
900000000000+0000000000000000000000000000+00000000000000000+00000000000000000+00000000000000000                                                                                                                                                           
010044817882022093020220930202209300008665CIELO05I                    014                                                                                                                                                                                 
900000000000+0000000000000000000000000000+00000000000000000+00000000000000000+00000000000000000                                                                                                                                                           
010003156622022093020220930202209300008665CIELO03I                    014                                                                                                                                                                                 
900000000000+0000000000000000000000000000+00000000000000000+00000000000000000+00000000000000000                                                                                                                                                           
010003156622022093020220930202209300008665CIELO04I                    014                                                                                                                                                                                 
900000000000+0000000000000000000000000000+00000000000000000+00000000000000000+00000000000000000                                                                                                                                                           
020405781402022093020220930202209300008665CIELO03I                    014                                                                                                                                                                                 
900000000000+0000000000000000000000000000+00000000000000000+00000000000000000+00000000000000000                                                                                                                                                           
020405781402022093020220930202209300008665CIELO04I                    014                                                                                                                                                                                 
900000000000+0000000000000000000000000000+00000000000000000+00000000000000000+00000000000000000                                                                                                                                                           
5201267648501000000757237562+1331937372000+7231937372000-7231937372000-7220220930202+0000000004523+0000000000006+8098601040108-00006265656164813319373720000723193737200+0723193737200-7220220930202+0000000004523+0000000000006+8098601040108700006265656